@ARTICLE{Baxter,
  author = {G. P. Baxter and C. C. Wallace},
  title = {Changes in Volume Upon Solution in Water of the Halogen Salts of the Alkali Metals, IX.},
  journal = {J. of American Chem. Soc.},
  year = {1916},
  volume = {38},
  pages = {70-104}
}

@BOOK{Bear,
  author = {J. Bear},
  year = {1988},
  title = {Dynamics of Fluids in Porous Media},
  publisher = {Dover Pub., New York}
}

@BOOK{Greenspan,
  author = {D. Greenspan and V. Casulli},
  year = {1988},
  title = {Numerical Analysis for Applied Mathematics, Science, and Engineering},
  publisher = {Perseus Pub., M. A. Cambridge}
}

@PHDTHESIS{Henry60,
  author = {H. R. Henry},
  year = {1960},
  title = {Salt Intrusion into Coastal Aquifers},
  school = {Columbia University}
}

@ARTICLE{Henry64,
  author = {H. R. Henry},
  year = {1964},
  title = {Effects of Dispersion on Salt Encroachment in Coastal Aquifers},
  journal = {Sea Water in Coastal U. S. Aq. Geol. Surv. Water-Supply Pap.},
  volume = {1613-C},
  pages = {70-84}
}

@BOOK{Hosking,
  author = {R. J. Hosking and J. Joe and D. C. Joyce and J. C. Turner},
  year = {1996},
  title = {First Steps in Numerical Analysis},
  edition = {2nd},
  publisher = {Arnold, London}
}

@ARTICLE{Pinder,
  author = {G. F. Pinder and H. H. Cooper Jr.},
  year = {1970},
  title = {A Numerical Technique for Calculating the Transient Position of the Seawater Front},
  journal = {Water Resour. Res.},
  volume = {6},
  pages = {875-882}
}

@BOOK{Press,
  author = {W. H. Press and S. A. Teukolsky and W. T. Vetterling and B. P. Flannery},
  year = {1992},
  title = {Numerical Recipes in Fortran, The Art of Scientific Computing},
  edition = {Second Edition},
  publisher = {Cambridge University Press, New York}
}

@BOOK{Segol,
  author = {G. S\'egol},
  year = {1994},
  title = {Classical Groundwater Simulations: Proving and Improving Numerical Models},
  publisher = {Prentice-Hall, Old N. J. Tappan}
}

@ARTICLE{Simpson03,
  author = {M. J. Simpson and T. P. Clement},
  year = {2003},
  title = {Theoretical Analysis of the Worthiness of the Henry and Elder Problems as Benchmarks of Density-Dependent Groundwater Flow Models},
  journal = {Adv. Water Resour.},
  volume = {26},
  pages={17-31}
}

@ARTICLE{Voss,
  author = {C. I. Voss and W. R. Souza},
  year ={1987},
  title = {Variable Density Flow and Solute Transport Simulation of Regional Aquifers Containing a Narrow Freshwater-Seawater Transition Zone},
  journal = {Water Resour. Res..},
  volume = {23},
  pages = {1851-1866}
}

@article{henry1959salt,
  title={Salt intrusion into fresh-water aquifers},
  author={H. R. Henry},
  journal={J. of Geophys. Res.},
  volume={64},
  number={11},
  pages={1911--1919},
  issn={0148-0227},
  year={1959},
  publisher={American Geophysical Union}
}

@article{liu2002unstructured,
  title={An unstructured mesh finite volume method for modelling saltwater intrusion into coastal aquifers},
  author={F. and Liu I. and Turner V. Anh},
  journal={J. of Appl. Math. and Comp.},
  volume={9},
  number={2},
  pages={391--407},
  issn={1598-5865},
  year={2002},
  publisher={Springer}
}

@article{hamidi2006numerical,
  title={Numerical Modeling of Seawater Intrusion in Coastal Aquifer Using Finite Volume Unstructured Mesh Method},
  author={M. Hamidi and S. Reza and S. Yazdi},
  journal={WSEAS Trans. on Math.},
  volume={5},
  number={6},
  pages={648},
  issn={1109-2769},
  year={2006},
  publisher={Citeseer}
}

@phdthesis{foster2006robust,
  title={A robust solution to Henry's problem},
  author={E. L. Foster},
  year={2006},
  school={University of Nevada, Reno}
}

@article{voss1987variable,
  title={Variable density flow and solute transport simulation of regional aquifers containing a narrow freshwater-saltwater transition zone},
  author={C. I. Voss and W. R. Souza},
  journal={Water Resour. Res..},
  volume={23},
  number={10},
  pages={1851--1866},
  issn={0043-1397},
  year={1987},
  publisher={American Geophysical Union}
}

@article{Abarca07,
author = {E. Abarca and J. Carrera and X. Sanchez-Vila and M. Dentz},
title = {Anisotropic dispersive Henry problem},
journal = {Adv. in Water Resour.},
volume = {30},
number = {4},
pages = {913 - 926},
year = {2007},
note = {},
issn = {0309-1708},
doi = {DOI: 10.1016/j.advwatres.2006.08.005},
url = {http://www.sciencedirect.com/science/article/B6VCF-4M1DB7C-1/2/dc42c9d2a2ddbb75dc663c6cd75d3823},
keywords = {Seawater intrusion},
keywords = {Henry problem},
keywords = {Dispersion},
keywords = {Transverse dispersion},
keywords = {Anisotropy}
}

@article{Simpson04,
  title={Improving the worthiness of the Henry problem as a benchmark for density-dependent groundwater flow models},
  author={M. J. Simpson and T. P. Clement},
  journal={Water Resour. Res..},
  volume={40},
  number={1},
  pages={W01504},
  issn={0043-1397},
  year={2004},
  publisher={American Geophysical Union}
}

@conference{holzbecher2005femlab,
  title={FEMLAB{\textregistered} Performance on 2D Porous Media Variable Density Benchmarks},
  author={E. Holzbecher},
  booktitle={COMSOL Multiphysics User's Conference},
  pages={1--6},
  year={2005}
}

@article{dentz2006variable,
  title={Variable-density flow in porous media},
  author={M. and Dentz Tartakovsky, DM and E. and Abarca A. and Guadagnini Sanchez-X. and Vila J. Carrera},
  journal = {J. of Fluid Mech.},
  volume={561},
  number={-1},
  pages={209--235},
  issn={1469-7645},
  year={2006},
  publisher={Cambridge Univ Press}
}

@book{bear1988dynamics,
  title={Dynamics of fluids in porous media},
  author={J. Bear},
  isbn={0486656756},
  year={1988},
  publisher={Dover publications}
}
